<record xmlns="http://www.loc.gov/MARC21/slim" xmlns:xsi="http://www.w3.org/2001/XMLSchema-instance" xsi:schemaLocation="http://www.loc.gov/MARC21/slim http://www.loc.gov/standards/marcxml/schema/MARC21slim.xsd"><leader>     nam a22        4500</leader><controlfield tag="001">3058957</controlfield><controlfield tag="003">NNC</controlfield><controlfield tag="006">m        d        </controlfield><controlfield tag="007">cr cn |||m|||a</controlfield><controlfield tag="008">150316s1954    iq ac   ob    000 0 arar </controlfield><datafield ind1=" " ind2=" " tag="040"><subfield code="a">NNU</subfield><subfield code="b">eng</subfield><subfield code="e">rda</subfield><subfield code="c">NNU</subfield></datafield><datafield ind1="0" ind2="4" tag="050"><subfield code="a">BP195.S5</subfield><subfield code="b">S3</subfield></datafield><datafield ind1="1" ind2=" " tag="100"><subfield code="6">880-01</subfield><subfield code="a">S&#803;arra&#772;f, Ah&#803;mad H&#803;ami&#772;d.</subfield></datafield><datafield ind1="1" ind2="3" tag="245"><subfield code="6">880-02</subfield><subfield code="a">al-Shabak min farq al-ghu&#772;lah fi&#772; al-&#699;Ira&#772;q :</subfield><subfield code="b">As&#803;luhum, lughatuhum qurahum &#699;aqa&#772;&#700;iduhum, awa&#772;biduhum &#699;a&#772;da&#772;tuhum /</subfield><subfield code="c">Ta&#700;li&#772;f Ah&#803;mad H&#803;a&#772;mid al-S&#803;arra&#772;f.</subfield></datafield><datafield ind1=" " ind2=" " tag="250"><subfield code="6">880-03</subfield><subfield code="a">[al-T&#803;ab&#699;ah al-u&#772;la&#769;].</subfield></datafield><datafield ind1=" " ind2=" " tag="260"><subfield code="6">880-04</subfield><subfield code="a">Baghda&#772;d :</subfield><subfield code="b">Mat&#803;ba&#699;at al-Ma&#699;a&#772;rif,</subfield><subfield code="c">1373 [1954]</subfield></datafield><datafield ind1=" " ind2=" " tag="300"><subfield code="a">online resource (314 pages) :</subfield><subfield code="b">illustrations, portraits</subfield></datafield><datafield ind1=" " ind2=" " tag="336"><subfield code="a">text</subfield><subfield code="2">rdacontent</subfield></datafield><datafield ind1=" " ind2=" " tag="337"><subfield code="a">computer</subfield><subfield code="2">rdamedia</subfield></datafield><datafield ind1=" " ind2=" " tag="338"><subfield code="a">online resource</subfield><subfield code="2">rdacarrier</subfield></datafield><datafield ind1=" " ind2=" " tag="500"><subfield code="a">Cover title: al-Shabak, an extremist sect in Iraq; their origin, language, villages, beliefs, traditions and customs.</subfield></datafield><datafield ind1=" " ind2=" " tag="500"><subfield code="a">Part of the Arabic Collections Online (ACO) project, contributed by Columbia University Libraries.</subfield></datafield><datafield ind1=" " ind2=" " tag="504"><subfield code="a">Includes bibliographical references.</subfield></datafield><datafield ind1=" " ind2=" " tag="533"><subfield code="a">Electronic reproduction.</subfield><subfield code="b">New York, N.Y. :</subfield><subfield code="c">New York University,</subfield><subfield code="d">2015.</subfield><subfield code="5">NNU</subfield></datafield><datafield ind1=" " ind2="0" tag="650"><subfield code="a">Shabak.</subfield></datafield><datafield ind1=" " ind2="7" tag="650"><subfield code="a">Shabak.</subfield><subfield code="2">fast</subfield><subfield code="0">(OCoLC)fst01115005</subfield></datafield><datafield ind1="2" ind2=" " tag="710"><subfield code="a">Columbia University.</subfield><subfield code="b">Libraries.</subfield></datafield><datafield ind1="0" ind2=" " tag="730"><subfield code="a">Arabic Collections Online.</subfield></datafield><datafield ind1="0" ind2="8" tag="776"><subfield code="i">Print version:</subfield><subfield code="a">S&#803;arra&#772;f, Ah&#803;mad H&#803;ami&#772;d.</subfield><subfield code="t">al-Shabak min farq al-ghu&#772;lah fi&#772; al-&#699;Ira&#772;q</subfield><subfield code="w">(NNC)3058957</subfield><subfield code="w">(DLC)   60035198 </subfield><subfield code="w">(OCoLC)21989139</subfield></datafield><datafield ind1="4" ind2="0" tag="856"><subfield code="u">http://hdl.handle.net/2333.1/bcc2ft7d</subfield></datafield><datafield ind1="1" ind2=" " tag="880"><subfield code="6">100-01/r</subfield><subfield code="a">&#1589;&#1585;&#1575;&#1601;&#1548; &#1575;&#1581;&#1605;&#1583; &#1581;&#1605;&#1610;&#1583;.</subfield></datafield><datafield ind1="1" ind2="2" tag="880"><subfield code="6">245-02/r</subfield><subfield code="a">&#1575;&#1604;&#1588;&#1576;&#1603; &#1605;&#1606; &#1601;&#1585;&#1602; &#1575;&#1604;&#1594;&#1608;&#1604;&#1577; &#1601;&#1610; &#1575;&#1604;&#1593;&#1585;&#1575;&#1602; :</subfield><subfield code="b">&#1575;&#1589;&#1604;&#1607;&#1605;&#1548; &#1604;&#1594;&#1578;&#1607;&#1605; &#1602;&#1585;&#1607;&#1605; &#1593;&#1602;&#1575;&#1574;&#1583;&#1607;&#1605;&#1548; &#1575;&#1608;&#1575;&#1576;&#1583;&#1607;&#1605; &#1593;&#1575;&#1583;&#1575;&#1578;&#1607;&#1605; /</subfield><subfield code="c">&#1578;&#1571;&#1604;&#1610;&#1601; &#1575;&#1581;&#1605;&#1583; &#1581;&#1575;&#1605;&#1583; &#1575;&#1604;&#1589;&#1585;&#1575;&#1601;.</subfield></datafield><datafield ind1=" " ind2=" " tag="880"><subfield code="6">250-03/r</subfield><subfield code="a">[&#1575;&#1604;&#1591;&#1576;&#1593;&#1577; &#1575;&#1604;&#1571;&#1608;&#1604;&#1609;].</subfield></datafield><datafield ind1=" " ind2=" " tag="880"><subfield code="6">260-04/r</subfield><subfield code="a">&#1576;&#1594;&#1583;&#1575;&#1583; :</subfield><subfield code="b">&#1605;&#1591;&#1576;&#1593;&#1577; &#1575;&#1604;&#1605;&#1593;&#1575;&#1585;&#1601;&#1548;</subfield><subfield code="c">1373 [1954]</subfield></datafield><datafield ind1=" " ind2=" " tag="959"><subfield code="a">NNU</subfield><subfield code="b">WEB</subfield><subfield code="c">GENI</subfield><subfield code="t">0</subfield><subfield code="m">Electronic access</subfield><subfield code="s">01</subfield></datafield><datafield ind1=" " ind2=" " tag="999"><subfield code="i">NNC_3058957</subfield><subfield code="o">(OCoLC)ocm21989139</subfield><subfield code="e">(ERROR-880)</subfield><subfield code="s">columbia_aco000250</subfield></datafield></record>